@book{revminentropy,
author="Helali, Ghassen
and Hasan, Osman
and Tahar, Sofi{\`e}ne",
editor="Iyoda, Juliano
and de Moura, Leonardo",
title="Formal Analysis of Information Flow Using Min-Entropy and Belief Min-Entropy",
bookTitle="Formal Methods: Foundations and Applications: 16th Brazilian Symposium, SBMF 2013, Brasilia, Brazil, September 29 - October 4, 2013, Proceedings",
year="2013",
publisher="Springer Berlin Heidelberg",
address="Berlin, Heidelberg",
pages="131--146",
isbn="978-3-642-41071-0",
doi="10.1007/978-3-642-41071-0-10",
url="https://doi.org/10.1007/978-3-642-41071-0-10"
}

@Article{revcrowds,
author = {H{\" o}lzl, Johannes and Nipkow, Tobias},
year = {2012},
month = {12},
pages = {},
title = {Interactive verification of Markov chains: Two distributed protocol case
studies},
volume = {103},
booktitle = {Electronic Proceedings in Theoretical Computer Science}
}


@book{Baier,
 author = {Baier, Christel and Katoen, Joost-Pieter},
 title = {Principles of Model Checking },
 year = {2008},
 isbn = {026202649X, 9780262026499},
 publisher = {The MIT Press},
} 

@PhDThesis{Par02,
author={D. Parker},
title={Implementation of Symbolic Model Checking for Probabilistic Systems},
school={University of Birmingham},
year={2002},

type={},
address={},
month={},
note={},
key={}
}

@Article{Hansson,
author={H. Hansson and B. Jonsson},
title={A Logic for Reasoning about Time and Reliability},
journal={Formal Aspects of Computing},
year={1994},

volume={6},
number={5},
pages={512--535},
month={},
note={},
key={}
}



@inproceedings{McCamant:08:SIGPLAN,
   author = {Stephen McCamant and Michael D. Ernst},
   title = {Quantitative information flow as network flow capacity},
   booktitle = {Proc. of SIGPLAN},
   pages = {193--205},
   address = {Tucson, AZ, USA},
   month = {June~9--11,},
   year = {2008}
}

@phdthesis{Novakovic:14:Thesis,
 title = {Computing and Estimating Information Leakage with a Quantitative Point-to-Point Information Flow Model},
author = {Christopher Novakovic},
note= {PhD thesis, Birmingham University, UK},
year= {2014}
}

@inproceedings{Phan:14:SPIN,
  author    = {Quoc{-}Sang Phan and
               Pasquale Malacaria and
               Corina S. Pasareanu and
               Marcelo d'Amorim},
  title     = {Quantifying information leaks using reliability analysis},
  booktitle = {Proc. of SPIN},
  pages     = {105--108},
  year      = {2014},
  crossref  = {DBLP:conf/spin/2014},
  url       = {http://doi.acm.org/10.1145/2632362.2632367},
  doi       = {10.1145/2632362.2632367},
  timestamp = {Mon, 05 Jun 2017 12:41:06 +0200},
  biburl    = {http://dblp.uni-trier.de/rec/bib/conf/spin/PhanMPd14},
  bibsource = {dblp computer science bibliography, http://dblp.org}
}

@misc{Morgan:17:TechRep,
author = {Carroll Morgan},
note= {A Haskell program to compute hyperdistributions for measuring information leakage},
url= {http://www.cse.unsw.edu.au/~carrollm/Hypers170731.zip}
}

@inproceedings{McIver:15:LICS,
  author    = {Annabelle McIver and
               Carroll Morgan and
               Tahiry M. Rabehaja},
  title     = {Abstract Hidden Markov Models: {A} Monadic Account of Quantitative Information Flow},
  booktitle = {Proc. of LICS},
  pages     = {597--608},
  year      = {2015},
  %crossref  = {DBLP:conf/lics/2015},
  url       = {https://doi.org/10.1109/LICS.2015.61},
  doi       = {10.1109/LICS.2015.61},
  timestamp = {Thu, 25 May 2017 00:42:41 +0200},
  biburl    = {http://dblp.uni-trier.de/rec/bib/conf/lics/McIverMR15},
  bibsource = {dblp computer science bibliography, http://dblp.org}
}

@article{crowds,
	Author = {Michael K. Reiter and Aviel D. Rubin},
	Journal = {ACM Trans. on Information and System Security},
	Number = {1},
	Pages = {66--92},
	Title = {Crowds: anonymity for {Web} transactions},
	Volume = {1},
	Year = {1998}}


@article{dining,
author={Chaum, David},
title={The dining cryptographers problem: Unconditional sender and recipient untraceability},
journal={Journal of Cryptology},
year={1988},
volume={1},
number={1},
pages={65--75},
abstract={Keeping confidential who sends which messages, in a world where any physical transmission can be traced to its origin, seems impossible. The solution presented here is unconditionally or cryptographically secure, depending on whether it is based on one-time-use keys or on public keys, respectively. It can be adapted to address efficiently a wide variety of practical considerations.},
issn={1432-1378},
doi={10.1007/BF00206326},
url={http://dx.doi.org/10.1007/BF00206326},
}


@inproceedings{recent,
 author = {Smith, Geoffrey},
 title = {Recent Developments in Quantitative Information Flow (Invited Tutorial)},
 booktitle = {Proceedings of the 2015 30th Annual ACM/IEEE Symposium on Logic in Computer Science (LICS)},
 series = {LICS '15},
 year = {2015},
 isbn = {978-1-4799-8875-4},
 pages = {23--31},
 numpages = {9},
 url = {http://dx.doi.org/10.1109/LICS.2015.13},
 doi = {10.1109/LICS.2015.13},
 acmid = {2876519},
 publisher = {IEEE Computer Society},
 address = {Washington, DC, USA},
} 



@inproceedings{minentropy,
	Author = {Geoffrey Smith},
	Booktitle = {Proc. of FOSSACS},
	Date-Added = {2009-03-16 14:28:10 +0100},
	Date-Modified = {2012-10-23 01:51:01 +0000},
	Pages = {288--302},
	Publisher = {Springer},
	Series = {LNCS},
	Title = {On the Foundations of Quantitative Information Flow},
	Volume = {5504},
	Year = {2009}}


@article{capacity,
	Author = {Christelle Braun and Konstantinos Chatzikokolakis and Catuscia Palamidessi},
	Booktitle = {Proc. of MFPS},
	Date-Added = {2009-10-04 06:10:19 +0200},
	Date-Modified = {2010-01-10 23:36:45 +0100},
	Doi = {10.1016/j.entcs.2009.07.085},
	Pages = {75-91},
	Publisher = {Elsevier},
	Series = {ENTCS},
	Title = {Quantitative Notions of Leakage for One-try Attacks},
	Volume = {249},
	Year = {2009},
	Bdsk-Url-1 = {http://hal.archives-ouvertes.fr/inria-00424852/en/},
	Bdsk-Url-2 = {http://dx.doi.org/10.1016/j.entcs.2009.07.085}}


@Inbook{japa,
	Abstract = {{In the min-entropy approach to quantitative information flow, the leakage is defined in terms of a minimization problem, which, in case of large systems, can be computationally rather heavy. The same happens for the recently proposed generalization called g-vulnerability. In this paper we study the case in which the channel associated to the system can be decomposed into simpler channels, which typically happens when the observables consist of several components. Our main contribution is the derivation of bounds on the g-leakage of the whole system in terms of the g-leakage of its components.}},
	Affiliation = {COMETE - INRIA Saclay - Ile de France , Laboratoire d'informatique de l'{\'e}cole polytechnique - LIX},
	Audience = {international},
	Author = {Kawamoto, Yusuke and Chatzikokolakis, Konstantinos and Palamidessi, Catuscia},
	Booktitle = {{Proceedings of the 11th Int. Conf. on Quantitative Evaluation of SysTems (QEST 2014)}},
	Collaboration = {INRIA Equipe Associ{\'e}e PRINCESS and Inria large scale initiative CAPPRIS},
	Date-Added = {2014-06-16 01:22:58 +0000},
	Date-Modified = {2015-02-12 16:12:42 +0000},
	Hal_Id = {hal-01006381},
	Language = {English},
	Note = {IDEX Digital Society project},
	Pages = {368--383},
	Publisher = {Springer},
	Series = {LNCS},
	Title = {{Compositionality Results for Quantitative Information Flow}},
	Volume = {8657},
	Year = {2014},
	Bdsk-Url-1 = {http://hal.inria.fr/hal-01006381}
}

@inproceedings{DTMC,
author={M. Kwiatkowska and G. Norman and D. Parker},
title={Stochastic Model Checking},
booktitle={Formal Methods for the Design of Computer, Communication and Software Systems: Performance Evaluation (SFM'07)},
year={2007},

editor={M. Bernardo and J. Hillston},
pages={220-270},
organization={},
publisher={Springer},
series={LNCS (Tutorial Volume)},
volume={4486},
month={},
note={},
key={},
}

@InProceedings{MDP,
author={V. Forejt and M. Kwiatkowska and G. Norman and D. Parker},
title={Automated Verification Techniques for Probabilistic Systems},
booktitle={Formal Methods for Eternal Networked Software Systems (SFM'11)},
year={2011},

editor={M. Bernardo and V. Issarny},
pages={53--113},
organization={},
publisher={Springer},
series={LNCS},
volume={6659},
address={},
month={},
note={},
key={},
}

@Article{PTA,
author={Gethin Norman and David Parker and Jeremy Sproston},
title={Model Checking for Probabilistic Timed Automata},
journal={Formal Methods in System Design},
year={2013},

volume={43},
number={2},
pages={164--190},
publisher={Springer},
month={},
note={},
key={},
}
@InProceedings{PCTL,
author={A. Bianco and L. de Alfaro},
	Author = {Andrea Bianco and Luca de Alfaro},
	Bibsource = {dblp computer science bibliography, http://dblp.org},
	Booktitle = {Proc. of FSTTCS},
	Date-Added = {2016-03-09 23:48:09 +0000},
	Date-Modified = {2016-03-09 23:55:20 +0000},
	Doi = {10.1007/3-540-60692-0_70},
	Pages = {499--513},
	Publisher = {Springer},
	Series = {LNCS},
	Timestamp = {Fri, 02 Oct 2009 08:43:31 +0200},
	Title = {Model Checking of Probabalistic and Nondeterministic Systems},
	Volume = {1026},
	Year = {1995},
	Bdsk-Url-1 = {http://dx.doi.org/10.1007/3-540-60692-0_70}}

@InProceedings{CSL,
author={C. Baier and J.-P. Katoen and H. Hermanns },
title={Approximate Symbolic Model Checking of Continuous-Time {M}arkov Chains},
booktitle={Proc. 10th International Conference on Concurrency Theory (CONCUR'99)},
year={1999},

editor={J. Baeten and S. Mauw},
pages={146-161},
organization={},
publisher={Springer},
series={LNCS},
volume={1664},
_address={Eindhoven},
_month={August},
note={},
key={},
}

@inproceedings{alvim,
	Author = {M{\'a}rio S. Alvim and Konstantinos Chatzikokolakis and Catuscia Palamidessi and Geoffrey Smith},
	Booktitle = {Proc. of CSF},
	Date-Added = {2012-09-20 13:41:12 +0000},
	Date-Modified = {2012-09-20 13:45:33 +0000},
	Doi = {http://doi.ieeecomputersociety.org/10.1109/CSF.2012.26},
	Pages = {265-279},
	Title = {Measuring Information Leakage Using Generalized Gain Functions},
	Year = {2012},
	Bdsk-Url-1 = {http://hal.inria.fr/hal-00734044/en},
	Bdsk-Url-2 = {http://doi.ieeecomputersociety.org/10.1109/CSF.2012.26}}


@INPROCEEDINGS{addmult,
	Author = {M{\'{a}}rio S. Alvim and Konstantinos Chatzikokolakis and Annabelle McIver and Carroll Morgan and Catuscia Palamidessi and Geoffrey Smith},
	Bibsource = {dblp computer science bibliography, http://dblp.org},
	Booktitle = {Proc. of CSF},
	Date-Added = {2015-01-30 10:09:51 +0000},
	Date-Modified = {2015-01-30 10:10:12 +0000},
	Doi = {10.1109/CSF.2014.29},
	Pages = {308--322},
	Publisher = {{IEEE}},
	Timestamp = {Tue, 02 Dec 2014 18:01:32 +0100},
	Title = {Additive and Multiplicative Notions of Leakage, and Their Capacities},
	Year = {2014},
	Bdsk-Url-1 = {http://dx.doi.org/10.1109/CSF.2014.29}}

@INPROCEEDINGS{axioms,
	Author = {M{\'{a}}rio S. Alvim and Konstantinos Chatzikokolakis and Annabelle McIver and Carroll Morgan and Catuscia Palamidessi and Geoffrey Smith},
	Bibsource = {dblp computer science bibliography, http://dblp.org},
	Booktitle = {Proc. of CSF},
	Date-Modified = {2017-02-18 01:47:17 +0000},
	Doi = {10.1109/CSF.2016.13},
	Pages = {77--92},
	Timestamp = {Tue, 18 Oct 2016 00:05:37 +0200},
	Title = {Axioms for Information Leakage},
	Year = {2016},
	Bdsk-Url-1 = {http://dx.doi.org/10.1109/CSF.2016.13}}

@Inbook{robust,
	Author = {Annabelle McIver and Carroll Morgan and Geoffrey Smith and Barbara Espinoza and Larissa Meinicke},
	Bibdate = {2014-03-23},
	Bibsource = {DBLP, http://dblp.uni-trier.de/db/conf/post/post2014.html#McIverMSEM14},
	Booktitle = {Proc. of POST},
	Date-Added = {2014-10-20 01:38:08 +0000},
	Date-Modified = {2014-10-20 02:03:29 +0000},
	Isbn = {978-3-642-54791-1},
	Pages = {83--102},
	Publisher = {Springer},
	Series = {LNCS},
	Title = {Abstract Channels and Their Robust Information-Leakage Ordering},
	Volume = {8414},
	Year = {2014},
	Bdsk-Url-1 = {http://dx.doi.org/10.1007/978-3-642-54792-8}}

@article{minresource,
	Author = {Espinoza, Barbara and Smith, Geoffrey},
	Journal = {Inf. and Comp.},
	Pages = {57--75},
	Publisher = {Elsevier},
	Title = {Min-entropy as a resource},
	Volume = {226},
	Year = {2013}}

@misc{link,
  howpublished = "\url{http://homepages.dcc.ufmg.br/~arturvaz/sbmf/}",
}
